%% This BibTeX bibliography file was created using BibDesk.
%% http://bibdesk.sourceforge.net/


%% Created for Michael Frank at 2020-01-24 13:03:12 -0800


%% Saved with string encoding Unicode (UTF-8)



@article{rabagliati:2019,
	Author = {Rabagliati, Hugh and Ferguson, Brock and Lew-Williams, Casey},
	Date-Added = {2020-01-24 12:59:18 -0800},
	Date-Modified = {2020-01-24 12:59:23 -0800},
	Journal = {Developmental science},
	Number = {1},
	Pages = {e12704},
	Publisher = {Wiley Online Library},
	Title = {The profile of abstract rule learning in infancy: Meta-analytic and experimental evidence},
	Volume = {22},
	Year = {2019}}

@incollection{brown:1970,
	Author = {Brown, Roger and Hanlon, Camille},
	Booktitle = {Cognition and the development of language. },
	Date-Added = {2020-01-24 12:56:34 -0800},
	Date-Modified = {2020-01-24 12:57:40 -0800},
	Editor = {J. R. Hayes},
	Publisher = {Wiley},
	Title = {Derivational complexity and order of development in speech},
	Year = {1970}}

@article{marcus:1999a,
	Author = {Marcus, Gary F},
	Date-Added = {2020-01-24 12:40:41 -0800},
	Date-Modified = {2020-01-24 12:45:23 -0800},
	Journal = {Science},
	Pages = {875},
	Title = {Rule learning by seven-month-old infants and neural networks. {R}esponse to {A}ltmann and {D}ienes},
	Volume = {284},
	Year = {1999}}

@article{altmann:1999,
	Author = {Altmann, Gerry TM and Dienes, Zolt{\'a}n},
	Date-Added = {2020-01-24 12:39:28 -0800},
	Date-Modified = {2020-01-24 12:39:37 -0800},
	Journal = {Science},
	Number = {5416},
	Pages = {875--875},
	Publisher = {American Association for the Advancement of Science},
	Title = {Rule learning by seven-month-old infants and neural networks},
	Volume = {284},
	Year = {1999}}

@article{frank:2011,
	Author = {Frank, Michael C and Tenenbaum, Joshua B},
	Date-Added = {2020-01-24 12:21:27 -0800},
	Date-Modified = {2020-01-24 12:21:33 -0800},
	Journal = {Cognition},
	Number = {3},
	Pages = {360--371},
	Publisher = {Elsevier},
	Title = {Three ideal observer models for rule learning in simple languages},
	Volume = {120},
	Year = {2011}}

@article{hochreiter:1997,
	Author = {Hochreiter, Sepp and Schmidhuber, J{\"u}rgen},
	Journal = {Neural computation},
	Number = {8},
	Pages = {1735--1780},
	Publisher = {MIT Press},
	Title = {Long short-term memory},
	Volume = {9},
	Year = {1997}}

@article{alhama:2019,
	Author = {Alhama, Raquel G and Zuidema, Willem},
	Journal = {Psychonomic bulletin \& review},
	Number = {4},
	Pages = {1174--1194},
	Publisher = {Springer},
	Title = {A review of computational models of basic rule learning: The neural-symbolic debate and beyond},
	Volume = {26},
	Year = {2019}}

@article{eimas:1971,
	Author = {Eimas, Peter D and Siqueland, Einar R and Jusczyk, Peter and Vigorito, James},
	Journal = {Science},
	Number = {3968},
	Pages = {303--306},
	Publisher = {American Association for the Advancement of Science},
	Title = {Speech perception in infants},
	Volume = {171},
	Year = {1971}}

@article{seidenberg:1999a,
	Author = {Seidenberg, Mark S and Elman, Jeffrey L},
	Journal = {Trends in Cognitive Sciences},
	Number = {8},
	Pages = {288--289},
	Publisher = {Elsevier Current Trends},
	Title = {Networks are not `hidden rules'},
	Volume = {3},
	Year = {1999}}

@article{seidenberg:1999b,
	Author = {Seidenberg, Mark S and Elman, Jeff L},
	Journal = {Science},
	Number = {5413},
	Pages = {433--433},
	Publisher = {American Association for the Advancement of Science},
	Title = {Do infants learn grammar with algebra or statistics?},
	Volume = {284},
	Year = {1999}}

@article{dienes:1999,
	Author = {Dienes, Zolt{\'a}n and Altmann, Gerry TM and Gao, Shi-Ji},
	Journal = {Cognitive Science},
	Number = {1},
	Pages = {53--82},
	Publisher = {Elsevier},
	Title = {Mapping across domains without feedback: A neural network model of transfer of implicit knowledge},
	Volume = {23},
	Year = {1999}}

@article{anderson:2018,
	Author = {Anderson, Erin M and Chang, Yin-Juei and Hespos, Susan and Gentner, Dedre},
	Journal = {Cognition},
	Pages = {74--86},
	Publisher = {Elsevier},
	Title = {Comparison within pairs promotes analogical abstraction in three-month-olds},
	Volume = {176},
	Year = {2018}}

@article{avargues:2011,
	Author = {Avargu{\`e}s-Weber, Aurore and Deisig, Nina and Giurfa, Martin},
	Journal = {Annual review of entomology},
	Pages = {423--443},
	Publisher = {Annual Reviews},
	Title = {Visual cognition in social insects},
	Volume = {56},
	Year = {2011}}

@book{gentner:2003,
	Author = {Gentner, Dedre and Goldin-Meadow, Susan},
	Publisher = {MIT press},
	Title = {Language in mind: Advances in the study of language and thought},
	Year = {2003}}

@article{premack:1983,
	Author = {Premack, David},
	Journal = {Behavioral and Brain Sciences},
	Number = {1},
	Pages = {125--136},
	Title = {The Codes of Man and Beasts},
	Volume = {6},
	Year = {1983}}

@article{walker:2016,
	Author = {Walker, Caren M and Bridgers, Sophie and Gopnik, Alison},
	Journal = {Cognition},
	Pages = {30--40},
	Publisher = {Elsevier},
	Title = {The early emergence and puzzling decline of relational reasoning: Effects of knowledge and search on inferring abstract concepts},
	Volume = {156},
	Year = {2016}}

@article{gervain:2012,
	Author = {Gervain, Judit and Berent, Iris and Werker, Janet F},
	Journal = {Journal of Cognitive Neuroscience},
	Number = {3},
	Pages = {564--574},
	Publisher = {MIT Press},
	Title = {Binding at birth: The newborn brain detects identity relations and sequential position in speech},
	Volume = {24},
	Year = {2012}}

@article{thompson:2001,
	Author = {KR Thompson, Roger and Rattermann, Mary Jo and L Oden, David},
	Journal = {Hrvatska revija za rehabilitacijska istra{\v{z}}ivanja},
	Number = {1},
	Pages = {9--22},
	Publisher = {Edukacijsko-rehabilitacijski fakultet},
	Title = {Perception and Judgement of Abstract Same-Different Relations by Monkeys, Apes and Children: Do Symbols Make Explicit Only That Which Is Implicit?},
	Volume = {37},
	Year = {2001}}

@article{marcus:1998,
	Author = {Marcus, Gary F},
	Journal = {Cognitive psychology},
	Number = {3},
	Pages = {243--282},
	Publisher = {Elsevier},
	Title = {Rethinking eliminative connectionism},
	Volume = {37},
	Year = {1998}}

@article{marcus:1999,
	Author = {Marcus, Gary F and Vijayan, Sugumaran and Rao, S Bandi and Vishton, Peter M},
	Journal = {Science},
	Number = {5398},
	Pages = {77--80},
	Publisher = {American Association for the Advancement of Science},
	Title = {Rule learning by seven-month-old infants},
	Volume = {283},
	Year = {1999}}

@article{negishi:1999,
	Author = {Negishi, Michiro},
	Journal = {Science},
	Number = {5413},
	Pages = {435},
	Title = {Do Infants Learn Grammar with Algebra or Statistics?},
	Volume = {284},
	Year = {1999}}


@unpublished{elman:1999,
	Author = {Elman, Jeffrey L.},
	Note = {HTML document},
	Title = {Generalization, Rules, and Neural Networks: A Simulation of {M}arcus et. al},
	Year = {1999}}


@book{Minsky:Papert:1969,
	Author = {Minsky, Marvin and Papert, Seymour A},
	Publisher = {MIT Press},
	Title = {Perceptrons: An Introduction to Computational Geometry},
	Year = {1969}}


@article{Rumelhart-etal:1986,
	Author = {Rumelhart, David E. and Hinton, Geoffrey E. and Williams, Ronald J.},
	Journal = {Nature},
	Number = {6088},
	Pages = {533--536},
	Title = {Learning Representations by Back-Propagating Errors},
	Volume = {323},
	Year = {1986}}

@article{vanderMaaten:Hinton:2008,
	Author = {van der Maaten, Laurens and Hinton, Geoffrey E.},
	Journal = {Journal of Machine Learning Research},
	Pages = {2579--2605},
	Title = {Visualizing Data using {t-SNE}},
	Volume = {9},
	Year = {2008}}

@inproceedings{Kingma:Ba:2015,
	Author = {Kingma, Diederik P.  and  Ba, Jimmy},
	Booktitle = {Proceedings of the 3rd International Conference on Learning Representations},
	Title = {Adam: A Method for Stochastic Optimization},
	Year = {2014}}
